@misc{Logcat,
  title = {Logcat},
  howpublished = {\url{https://http://developer.android.com/tools/help/logcat.html}},
  note = {Accessed: 2020-03-15}
}

@misc{Monkey,
  title = {Monkey},
  howpublished = {\url{https://developer.android.com/studio/test/monkey}},
  note = {Accessed: 2020-02-10}
}
@inproceedings{jamrozik2016mining,
  title={Mining sandboxes},
  author={Jamrozik, Konrad and von Styp-Rekowsky, Philipp and Zeller, Andreas},
  booktitle={Proceedings of the 38th International Conference on Software Engineering},
  pages={37--48},
  year={2016}
}


@book{architecture-book,
author = {Buschmann, Frank and Meunier, Regine and Rohnert, Hans and Sommerlad, Peter and Stal, Michael},
title = {Pattern-Oriented Software Architecture - Volume 1: A System of Patterns},
year = {1996},
isbn = {0471958697},
publisher = {Wiley Publishing}
}

@book{patterns-book,
author = {Gamma, Erich and Helm, Richard and Johnson, Ralph and Vlissides, John},
title = {Design Patterns: Elements of Reusable Object-Oriented Software},
year = {1995},
isbn = {0201633612},
publisher = {Addison-Wesley Longman Publishing Co., Inc.},
address = {USA}
}

@INPROCEEDINGS{humanoid-paper,
  author={Y. {Li} and Z. {Yang} and Y. {Guo} and X. {Chen}},
  booktitle={2019 34th IEEE/ACM International Conference on Automated Software Engineering (ASE)}, 
  title={Humanoid: A Deep Learning-Based Approach to Automated Black-box Android App Testing}, 
  year={2019},
  volume={},
  number={},
  pages={1070-1073},}

@article{cai2020longitudinal,
  title={A Longitudinal Study of Application Structure and Behaviors in Android},
  author={Cai, Haipeng and Ryder, Barbara G},
  journal={IEEE Transactions on Software Engineering},
  year={2020},
  publisher={IEEE}
}
@inproceedings{bao2018mining,
  title={Mining sandboxes: Are we there yet?},
  author={Bao, Lingfeng and Le, Tien-Duy B and Lo, David},
  booktitle={2018 IEEE 25th International Conference on Software Analysis, Evolution and Reengineering (SANER)},
  pages={445--455},
  year={2018},
  organization={IEEE}
}
@article{li2019deep,
  title={A deep learning based approach to automated Android app testing},
  author={Li, Yuanchun and Yang, Ziyue and Guo, Yao and Chen, Xiangqun},
  journal={arXiv preprint arXiv:1901.02633},
  year={2019}
}
@article{faruki2014android,
  title={Android security: a survey of issues, malware penetration, and defenses},
  author={Faruki, Parvez and Bharmal, Ammar and Laxmi, Vijay and Ganmoor, Vijay and Gaur, Manoj Singh and Conti, Mauro and Rajarajan, Muttukrishnan},
  journal={IEEE communications surveys \& tutorials},
  volume={17},
  number={2},
  pages={998--1022},
  year={2014},
  publisher={IEEE}
}
@article{tan2015securing,
  title={Securing android: a survey, taxonomy, and challenges},
  author={Tan, Darell JJ and Chua, Tong-Wei and Thing, Vrizlynn LL},
  journal={ACM Computing Surveys (CSUR)},
  volume={47},
  number={4},
  pages={1--45},
  year={2015},
  publisher={ACM New York, NY, USA}
}
@inproceedings{jamrozik2016droidmate,
  title={DroidMate: a robust and extensible test generator for Android},
  author={Jamrozik, Konrad and Zeller, Andreas},
  booktitle={Proceedings of the International Conference on Mobile Software Engineering and Systems},
  pages={293--294},
  year={2016}
}
@inproceedings{amalfitano2012using,
  title={Using GUI ripping for automated testing of Android applications},
  author={Amalfitano, Domenico and Fasolino, Anna Rita and Tramontana, Porfirio and De Carmine, Salvatore and Memon, Atif M},
  booktitle={2012 Proceedings of the 27th IEEE/ACM International Conference on Automated Software Engineering},
  pages={258--261},
  year={2012},
  organization={IEEE}
}
@inproceedings{hao2014puma,
  title={PUMA: programmable UI-automation for large-scale dynamic analysis of mobile apps},
  author={Hao, Shuai and Liu, Bin and Nath, Suman and Halfond, William GJ and Govindan, Ramesh},
  booktitle={Proceedings of the 12th annual international conference on Mobile systems, applications, and services},
  pages={204--217},
  year={2014}
}
@inproceedings{li2017droidbot,
  title={DroidBot: a lightweight UI-guided test input generator for Android},
  author={Li, Yuanchun and Yang, Ziyue and Guo, Yao and Chen, Xiangqun},
  booktitle={2017 IEEE/ACM 39th International Conference on Software Engineering Companion (ICSE-C)},
  pages={23--26},
  year={2017},
  organization={IEEE}
}
@article{bouckaert2010benchmarking,
  title={Benchmarking computers and computer networks},
  author={Bouckaert, Stefan and Gerwen, JVV and Moerman, Ingrid and Phillips, Stephen C and Wilander, Jerker},
  journal={EU FIRE White Paper},
  year={2010}
}
@techreport{cai2016understanding,
  title={Understanding application behaviours for android security: A systematic characterization},
  author={Cai, Haipeng and Ryder, Barbara},
  year={2016},
  institution={Department of Computer Science, Virginia Polytechnic Institute \& State~â€¦}
}
@inproceedings{choudhary2015automated,
  title={Automated test input generation for android: Are we there yet?(e)},
  author={Choudhary, Shauvik Roy and Gorla, Alessandra and Orso, Alessandro},
  booktitle={2015 30th IEEE/ACM International Conference on Automated Software Engineering (ASE)},
  pages={429--440},
  year={2015},
  organization={IEEE}
}
@inproceedings{su2017guided,
  title={Guided, stochastic model-based GUI testing of Android apps},
  author={Su, Ting and Meng, Guozhu and Chen, Yuting and Wu, Ke and Yang, Weiming and Yao, Yao and Pu, Geguang and Liu, Yang and Su, Zhendong},
  booktitle={Proceedings of the 2017 11th Joint Meeting on Foundations of Software Engineering},
  pages={245--256},
  year={2017}
}
@inproceedings{mao2016sapienz,
  title={Sapienz: Multi-objective automated testing for Android applications},
  author={Mao, Ke and Harman, Mark and Jia, Yue},
  booktitle={Proceedings of the 25th International Symposium on Software Testing and Analysis},
  pages={94--105},
  year={2016}
}
@inproceedings{allix2016androzoo,
    author = {Allix, Kevin and Bissyand{\'e}, Tegawend{\'e} F. and Klein, Jacques and Le Traon, Yves},
    title = {AndroZoo: Collecting Millions of Android Apps for the Research Community},
    booktitle = {Proceedings of the 13th International Conference on Mining Software Repositories},
    year = {2016},
    pages = {468--471},
    publisher = {ACM},
}
@inproceedings{au2012pscout,
  title={Pscout: analyzing the android permission specification},
  author={Au, Kathy Wain Yee and Zhou, Yi Fan and Huang, Zhen and Lie, David},
  booktitle={Proceedings of the 2012 ACM conference on Computer and communications security},
  pages={217--228},
  year={2012}
}
@inproceedings{au2011short,
  title={Short paper: a look at smartphone permission models},
  author={Au, Kathy Wain Yee and Zhou, Yi Fan and Huang, Zhen and Gill, Phillipa and Lie, David},
  booktitle={Proceedings of the 1st ACM workshop on Security and privacy in smartphones and mobile devices},
  pages={63--68},
  year={2011}
}
@misc{github,
	title = {DroidXP Source Code},
	howpublished = {\url{https://github.com/droidxp/benchmark}},
	note = {Accessed: 2020-08-21}
}